<record><leader>00000cas a22000007a 4500</leader><controlfield tag="001">18910821</controlfield><controlfield tag="008">881216d19141915paudn ne      0    0eng d</controlfield><datafield ind1=" " ind2=" " tag="010"><subfield code="a">sn 89077654 </subfield></datafield><datafield ind1=" " ind2=" " tag="040"><subfield code="a">NPH</subfield><subfield code="b">eng</subfield><subfield code="c">NPH</subfield><subfield code="d">OCLCQ</subfield></datafield><datafield ind1=" " ind2=" " tag="042"><subfield code="a">msc</subfield></datafield><datafield ind1="0" ind2=" " tag="130"><subfield code="a">Evening call (Tamaqua, Pa.)</subfield></datafield><datafield ind1="1" ind2="4" tag="245"><subfield code="a">The evening call.</subfield></datafield><datafield ind1=" " ind2=" " tag="260"><subfield code="a">Tamaqua, Pa. :</subfield><subfield code="b">Call Pub. Co.,</subfield><subfield code="c">1914-</subfield></datafield><datafield ind1=" " ind2=" " tag="300"><subfield code="a">v. :</subfield><subfield code="b">ill.</subfield></datafield><datafield ind1=" " ind2=" " tag="310"><subfield code="a">Daily (except Sun.)</subfield></datafield><datafield ind1="0" ind2=" " tag="362"><subfield code="a">Vol. 1, no. 1 (Sept. 29, 1914)-</subfield></datafield><datafield ind1="1" ind2=" " tag="362"><subfield code="a">Ceased in 1915?</subfield></datafield><datafield ind1=" " ind2=" " tag="752"><subfield code="a">United States</subfield><subfield code="b">Pennsylvania</subfield><subfield code="c">Schuylkill</subfield><subfield code="d">Tamaqua.</subfield></datafield></record>